@misc{bmp390,
  title = {BMP390 -Datasheet},
  url = {https://www.bosch-sensortec.com/media/boschsensortec/downloads/datasheets/bst-bmp390-ds002.pdf}
}

@misc{bno055,
  title = {BNO055 Datasheet},
  url = {https://www.bosch-sensortec.com/media/boschsensortec/downloads/datasheets/bst-bno055-ds000.pdf}
}

@misc{rtabmap,
  title = {RTAB-Map},
  url = {https://introlab.github.io/rtabmap/},
  organization = {RTAB-Map}
}

@misc{malik_2023_lidar,
  author = {Malik, Saliha},
  month = {05},
  title = {Lidar SLAM: The Ultimate Guide to Simultaneous Localization and Mapping},
  url = {https://www.wevolver.com/article/lidar-slam},
  year = {2023},
  organization = {www.wevolver.com}
}

@misc{barometric,
  title = {BAROMETRIC PRESSURE EXPERIMENTS},
  url = {http://boson.physics.sc.edu/Academics/UStudies/doc/CourseInfo/PHYS101L/Exp.12Barometric_Pressure.pdf},
  urldate = {2024-12-17}
}

@article{shang_2014_a,
  author = {Shang, Fengjun and Su, Wen and Wang, Qian and Gao, Hongxia and Fu, Qiang},
  month = {01},
  pages = {371350},
  title = {A Location Estimation Algorithm Based on RSSI Vector Similarity Degree},
  doi = {10.1155/2014/371350},
  urldate = {2021-01-20},
  volume = {10},
  year = {2014},
  journal = {International Journal of Distributed Sensor Networks}
}

@misc{hierarchical,
  title = {Hierarchical Data Formats - What is HDF5? | NSF NEON | Open Data to Understand our Ecosystems},
  url = {https://www.neonscience.org/resources/learning-hub/tutorials/about-hdf5},
  organization = {www.neonscience.org}
}

@misc{a2019_bhaskara,
  title = {Bhaskara I's Approximation to Sine},
  url = {https://web.archive.org/web/20120316083451/http://www.new.dli.ernet.in/rawdataupload/upload/insa/INSA_1/20005af0_121.pdf},
  urldate = {2024-12-17},
  year = {2019},
  organization = {Archive.org}
}

@article{stanculeanu_2012_enhanced,
  author = {Stanculeanu, Ionel and Borangiu, Theodor},
  month = {05},
  pages = {1838-1843},
  title = {Enhanced RSSI localization system for asset tracking services using Non expensive IMU},
  doi = {10.3182/20120523-3-ro-2023.00430},
  urldate = {2022-05-01},
  volume = {45},
  year = {2012},
  journal = {IFAC Proceedings Volumes}
}

@article{huang_2022_improvement,
  author = {Huang, L. and Li, H. and Li, W. and Wu, W. and Kang, X.},
  month = {10},
  pages = {19-24},
  publisher = {Copernicus GmbH},
  title = {IMPROVEMENT OF PEDESTRIAN DEAD RECKONING ALGORITHM FOR INDOOR POSITIONING BY USING STEP LENGTH ESTIMATION},
  doi = {10.5194/isprs-archives-xlviii-3-w1-2022-19-2022},
  url = {https://isprs-archives.copernicus.org/articles/XLVIII-3-W1-2022/19/2022/isprs-archives-XLVIII-3-W1-2022-19-2022.pdf},
  urldate = {2024-12-17},
  volume = {XLVIII-3/W1-2022},
  year = {2022},
  journal = {The International Archives of the Photogrammetry, Remote Sensing and Spatial Information Sciences}
}

@article{tiwari_2022_a,
  author = {Tiwari, Sushil and Jain, Vinod Kumar},
  month = {10},
  title = {A novel step detection technique for pedestrian dead reckoning based navigation},
  doi = {10.1016/j.icte.2022.10.004},
  urldate = {2023-01-15},
  year = {2022},
  journal = {ICT Express}
}

@misc{yan_2019_ronin,
  author = {Yan, Hang and Herath, Sachini and Furukawa, Yasutaka},
  title = {RoNIN: Robust Neural Inertial Navigation in the Wild: Benchmark, Evaluations, and New Methods},
  url = {https://arxiv.org/abs/1905.12853},
  urldate = {2024-12-17},
  year = {2019},
  organization = {arXiv.org}
}

@misc{welch_2006_an,
  author = {Welch, Greg and Bishop, Gary},
  title = {An Introduction to the Kalman Filter},
  url = {https://www.cs.unc.edu/~welch/media/pdf/kalman_intro.pdf},
  year = {2006}
}

@article{sabatini_2011_kalmanfilterbased,
  author = {Sabatini, Angelo Maria},
  month = {09},
  pages = {9182-9206},
  title = {Kalman-Filter-Based Orientation Determination Using Inertial/Magnetic Sensors: Observability Analysis and Performance Evaluation},
  doi = {10.3390/s111009182},
  volume = {11},
  year = {2011},
  journal = {Sensors}
}

@article{hellmers_2013_an,
  author = {Hellmers, Hendrik and Abdelmoumen Norrdine and Jörg Blankenbach and Eichhorn, Andreas},
  month = {10},
  title = {An IMU/magnetometer-based Indoor positioning system using Kalman filtering},
  doi = {10.1109/ipin.2013.6817887},
  urldate = {2023-07-08},
  year = {2013},
  journal = {}
}

@misc{_2024_esp32,
  author = {, Espressif},
  title = {ESP32 Series Datasheet },
  url = {https://www.espressif.com/sites/default/files/documentation/esp32_datasheet_en.pdf},
  year = {2024}
}

@misc{_esp32wroom32,
  author = {, espressif},
  title = {ESP32-WROOM-32 Datasheet},
  url = {https://www.espressif.com/sites/default/files/documentation/esp32-wroom-32_datasheet_en.pdf}
}

@misc{brownlee_2023_numpy,
  author = {Brownlee, Jason},
  month = {05},
  title = {Numpy Multithreaded Matrix Multiplication (up to 5x faster) - Super Fast Python},
  url = {https://superfastpython.com/numpy-multithreading-matrix-multiplication/},
  urldate = {2024-12-17},
  year = {2023},
  organization = {Super Fast Python}
}

@article{gomes_2018_random,
  author = {Gomes, Rahul and Ahsan, Mostofa and Denton, Anne},
  month = {05},
  title = {Random Forest Classifier in SDN Framework for User-Based Indoor Localization},
  doi = {10.1109/eit.2018.8500111},
  urldate = {2023-04-29},
  year = {2018},
  journal = {Electro/Information Technology}
}

@article{leppkoski_2012_pedestrian,
  author = {Leppäkoski, Helena and Collin, Jussi and Takala, Jarmo},
  month = {11},
  pages = {287-296},
  publisher = {Springer Science+Business Media},
  title = {Pedestrian Navigation Based on Inertial Sensors, Indoor Map, and WLAN Signals},
  doi = {10.1007/s11265-012-0711-5},
  urldate = {2023-10-02},
  volume = {71},
  year = {2012},
  journal = {Journal of Signal Processing Systems}
}

@article{gbradski_2000_the,
  author = {G. Bradski},
  month = {11},
  title = {The Opencv Library},
  url = {https://www.researchgate.net/publication/233950935_The_Opencv_Library},
  urldate = {2024-10-14},
  volume = {25},
  year = {2000},
  journal = {Doctor Dobbs Journal}
}

@article{pedregosa_2011_scikitlearn,
  author = {Pedregosa, Fabian and Varoquaux, Gaël and Gramfort, Alexandre and Michel, Vincent and Thirion, Bertrand and Grisel, Olivier and Blondel, Mathieu and Prettenhofer, Peter and Weiss, Ron and Dubourg, Vincent and Vanderplas, Jake and Passos, Alexandre and Cournapeau, David and Brucher, Matthieu and Perrot, Matthieu and Duchesnay, Édouard},
  pages = {2825 - 2830},
  title = {Scikit-learn: Machine Learning in Python},
  url = {https://jmlr.csail.mit.edu/papers/v12/pedregosa11a.html},
  volume = {12},
  year = {2011},
  journal = {Journal of Machine Learning Research}
}

@article{harris_2020_array,
  author = {Harris, Charles R. and Millman, K. Jarrod and van der Walt, Stéfan J. and Gommers, Ralf and Virtanen, Pauli and Cournapeau, David and Wieser, Eric and Taylor, Julian and Berg, Sebastian and Smith, Nathaniel J. and Kern, Robert and Picus, Matti and Hoyer, Stephan and van Kerkwijk, Marten H. and Brett, Matthew and Haldane, Allan and del Río, Jaime Fernández and Wiebe, Mark and Peterson, Pearu and Gérard-Marchant, Pierre and Sheppard, Kevin and Reddy, Tyler and Weckesser, Warren and Abbasi, Hameer and Gohlke, Christoph and Oliphant, Travis E.},
  month = {09},
  pages = {357-362},
  title = {Array Programming with NumPy},
  doi = {10.1038/s41586-020-2649-2},
  volume = {585},
  year = {2020},
  journal = {Nature}
}

@article{tang_2024_synthetic,
  author = {Tang, Jie and He, Bin and Xu, Junkai and Tan, Tian and Wang, Zhipeng and Zhou, Yanmin and Jiang, Shuo},
  month = {01},
  pages = {1-1},
  publisher = {Institute of Electrical and Electronics Engineers},
  title = {Synthetic IMU Datasets and Protocols Can Simplify Fall Detection Experiments and Optimize Sensor Configuration},
  doi = {10.1109/tnsre.2024.3370396},
  urldate = {2024-09-22},
  year = {2024},
  journal = {IEEE Transactions on Neural Systems and Rehabilitation Engineering}
}

@article{bernalpolo_2019_kalman,
  author = {Bernal-Polo, Pablo and Martínez-Barberá, Humberto},
  month = {01},
  pages = {149},
  title = {Kalman Filtering for Attitude Estimation with Quaternions and Concepts from Manifold Theory},
  doi = {10.3390/s19010149},
  urldate = {2021-01-13},
  volume = {19},
  year = {2019},
  journal = {Sensors}
}